@Manual{R-base,
  title = {R: A Language and Environment for Statistical Computing},
  author = {{R Core Team}},
  organization = {R Foundation for Statistical Computing},
  address = {Vienna, Austria},
  year = {2017},
  url = {https://www.R-project.org/},
}
@Manual{R-bookdown,
  title = {bookdown: Authoring Books and Technical Documents with R Markdown},
  author = {Yihui Xie},
  year = {2018},
  note = {R package version 0.7},
  url = {https://CRAN.R-project.org/package=bookdown},
}
@Manual{R-dplyr,
  title = {dplyr: A Grammar of Data Manipulation},
  author = {Hadley Wickham and Romain François and Lionel Henry and Kirill Müller},
  year = {2018},
  note = {R package version 0.7.7},
  url = {https://CRAN.R-project.org/package=dplyr},
}
@Manual{R-foreach,
  title = {foreach: Provides Foreach Looping Construct for R},
  author = {{Revolution Analytics} and Steve Weston}},
  year = {2017},
  note = {R package version 1.4.4},
  url = {https://CRAN.R-project.org/package=foreach},
}
@Manual{R-ggplot2,
  title = {ggplot2: Create Elegant Data Visualisations Using the Grammar of Graphics},
  author = {Hadley Wickham and Winston Chang and Lionel Henry and Thomas Lin Pedersen and Kohske Takahashi and Claus Wilke and Kara Woo},
  year = {2018},
  note = {R package version 3.1.0},
  url = {https://CRAN.R-project.org/package=ggplot2},
}
@Manual{R-glmnet,
  title = {glmnet: Lasso and Elastic-Net Regularized Generalized Linear Models},
  author = {Jerome Friedman and Trevor Hastie and Rob Tibshirani and Noah Simon and Balasubramanian Narasimhan and Junyang Qian},
  year = {2018},
  note = {R package version 2.0-16},
  url = {https://CRAN.R-project.org/package=glmnet},
}
@Manual{R-knitr,
  title = {knitr: A General-Purpose Package for Dynamic Report Generation in R},
  author = {Yihui Xie},
  year = {2018},
  note = {R package version 1.20},
  url = {https://CRAN.R-project.org/package=knitr},
}
@Manual{R-Matrix,
  title = {Matrix: Sparse and Dense Matrix Classes and Methods},
  author = {Douglas Bates and Martin Maechler},
  year = {2018},
  note = {R package version 1.2-15},
  url = {https://CRAN.R-project.org/package=Matrix},
}
@Manual{R-rmarkdown,
  title = {rmarkdown: Dynamic Documents for R},
  author = {JJ Allaire and Yihui Xie and Jonathan McPherson and Javier Luraschi and Kevin Ushey and Aron Atkins and Hadley Wickham and Joe Cheng and Winston Chang},
  year = {2018},
  note = {R package version 1.10},
  url = {https://CRAN.R-project.org/package=rmarkdown},
}
